<?xml version="1.0" encoding="UTF-8"?><record xmlns="http://www.loc.gov/MARC21/slim" xmlns:cinclude="http://apache.org/cocoon/include/1.0" xmlns:zs="http://www.loc.gov/zing/srw/">
  <leader>00319nz  a2200121n  4500</leader>
  <controlfield tag="001">n  85192525 </controlfield>
  <controlfield tag="003">DLC</controlfield>
  <controlfield tag="005">19860506070649.6</controlfield>
  <controlfield tag="008">860429n| acannaab|          |n aaa ||| c</controlfield>
  <datafield tag="010" ind1=" " ind2=" ">
    <subfield code="a">n  85192525 </subfield>
  </datafield>
  <datafield tag="040" ind1=" " ind2=" ">
    <subfield code="a">IU</subfield>
    <subfield code="c">DLC</subfield>
    <subfield code="d">DLC</subfield>
  </datafield>
  <datafield tag="100" ind1="1" ind2="0">
    <subfield code="a">Petunin, P.</subfield>
  </datafield>
  <datafield tag="670" ind1=" " ind2=" ">
    <subfield code="a">His Nash KirovskiiĚ zavod, 1801-1951 [MI] 1951:</subfield>
    <subfield code="b">t.p. (P. Petunin)</subfield>
  </datafield>
</record>